[gd_scene load_steps=22 format=2]

[ext_resource path="res://old/gameplay/entity/creature/Creature.tscn" type="PackedScene" id=1]
[ext_resource path="res://asset/sprite/colored_transparent_packed.png" type="Texture" id=2]
[ext_resource path="res://old/gameplay/property/Property.gd" type="Script" id=3]
[ext_resource path="res://old/gameplay/rule/EnergyResistance.gd" type="Script" id=4]
[ext_resource path="res://old/gameplay/common/MovementProfile.gd" type="Script" id=5]
[ext_resource path="res://old/gameplay/effect/EnergyEffect.gd" type="Script" id=6]
[ext_resource path="res://old/gameplay/rule/EnergyVulnerability.gd" type="Script" id=7]
[ext_resource path="res://old/gameplay/ability/Walk.tscn" type="PackedScene" id=8]
[ext_resource path="res://old/gameplay/property/ai/RandomWalk.tscn" type="PackedScene" id=9]
[ext_resource path="res://old/gameplay/entity/monster/pursuer/Pursuer.tscn" type="PackedScene" id=10]
[ext_resource path="res://old/gameplay/command/SelectTile.gd" type="Script" id=11]
[ext_resource path="res://old/gameplay/ability/Ability.tscn" type="PackedScene" id=12]
[ext_resource path="res://old/gameplay/property/ai/striker/Striker.tscn" type="PackedScene" id=13]
[ext_resource path="res://old/gameplay/command/OnTarget.gd" type="Script" id=14]
[ext_resource path="res://old/gameplay/command/NewEffect.gd" type="Script" id=15]
[ext_resource path="res://old/gameplay/property/lifeform/Living.tscn" type="PackedScene" id=16]
[ext_resource path="res://old/gameplay/property/lifeform/Organic.tscn" type="PackedScene" id=17]

[sub_resource type="AtlasTexture" id=1]
atlas = ExtResource( 2 )
region = Rect2( 496, 0, 16, 16 )

[sub_resource type="Resource" id=2]
resource_local_to_scene = true
resource_name = "MovementProfile"
script = ExtResource( 5 )
mask = 17
operation = 0

[sub_resource type="Resource" id=3]
resource_name = "MovementProfile"
script = ExtResource( 5 )
mask = 7
operation = 0

[sub_resource type="Resource" id=4]
resource_name = "MovementProfile"
script = ExtResource( 5 )
mask = 7
operation = 0

[node name="ArmorKnight" instance=ExtResource( 1 )]
self_modulate = Color( 0.960784, 0.211765, 0.211765, 1 )
texture = SubResource( 1 )
entity_name = "Armor Knight"
movement_profile = SubResource( 2 )

[node name="Destructible" parent="." index="2"]
max_hp = 4

[node name="Living" parent="." index="4" instance=ExtResource( 16 )]

[node name="Organic" parent="." index="5" instance=ExtResource( 17 )]

[node name="Striker" parent="." index="6" instance=ExtResource( 13 )]
INFO = "slash (IMPACT 2)"

[node name="Ability" parent="Striker" index="0" instance=ExtResource( 12 )]
is_action = true

[node name="SelectTile" type="Node" parent="Striker/Ability" index="0"]
script = ExtResource( 11 )
movement_profile = SubResource( 3 )

[node name="OnTarget" type="Node" parent="Striker/Ability" index="1"]
script = ExtResource( 14 )
movement_profile = SubResource( 4 )
hit_msg = "The %s strikes the %s!"

[node name="Slash" type="Node" parent="Striker/Ability/OnTarget" index="0"]
script = ExtResource( 15 )
effect_type = "EnergyEffect"
value = 0
value_constant = 2
trait/impact = true
trait/fire = false
trait/shock = false
trait/life = false

[node name="Pursuer" parent="." index="7" instance=ExtResource( 10 )]

[node name="Walk" parent="Pursuer" index="0" instance=ExtResource( 8 )]

[node name="RandomWalk" parent="." index="8" instance=ExtResource( 9 )]

[node name="Walk" parent="RandomWalk" index="0" instance=ExtResource( 8 )]

[node name="Armor" type="Node2D" parent="." index="9"]
script = ExtResource( 3 )
INFO = "armored (IMPACT -2, SHOCK +1)"

[node name="ImpactResistance" type="Node" parent="Armor" index="0"]
script = ExtResource( 4 )
EFFECT_TYPES = [ ExtResource( 6 ) ]
PROCESSES_EFFECT = true
element = 1
amount = 2

[node name="ShockVulnerability" type="Node" parent="Armor" index="1"]
script = ExtResource( 7 )
EFFECT_TYPES = [ ExtResource( 6 ) ]
PROCESSES_EFFECT = true
element = 3
