[gd_scene load_steps=10 format=2]

[ext_resource path="res://old/gameplay/command/NewEffect.gd" type="Script" id=1]
[ext_resource path="res://old/gameplay/spell/Spell.tscn" type="PackedScene" id=2]
[ext_resource path="res://old/gameplay/spell/fire-bomb/FireBomb.tscn" type="PackedScene" id=3]
[ext_resource path="res://old/gameplay/command/SelectTile.gd" type="Script" id=4]
[ext_resource path="res://old/gameplay/command/OnEnvironment.gd" type="Script" id=5]
[ext_resource path="res://asset/sprite/colored_transparent_packed.png" type="Texture" id=6]
[ext_resource path="res://old/gameplay/common/MovementProfile.gd" type="Script" id=7]

[sub_resource type="AtlasTexture" id=1]
atlas = ExtResource( 6 )
region = Rect2( 496, 176, 16, 16 )

[sub_resource type="Resource" id=2]
resource_name = "MovementProfile"
script = ExtResource( 7 )
mask = 1
operation = 0

[node name="ConjureFireBomb" instance=ExtResource( 2 )]
spell_name = "Fire Bomb"
spell_icon = SubResource( 1 )
description = "FIRE BOMB
(target range 1)

Conjure a Fire Bomb that explodes whenever something enters its space, causing IMPACT 1 + FIRE 1 over a 3x3 area."

[node name="SelectTile" type="Node" parent="MainAbility" index="0"]
script = ExtResource( 4 )
movement_profile = SubResource( 2 )

[node name="OnEnvironment" type="Node" parent="MainAbility" index="1"]
script = ExtResource( 5 )

[node name="Conjure" type="Node" parent="MainAbility/OnEnvironment" index="0"]
script = ExtResource( 1 )
effect_type = "SpawnEffect"
tile = 1
direction = 0
scene = ExtResource( 3 )
node_path = 2
trait/controlled = true
trait/auto_spill = false
