[gd_scene load_steps=10 format=2]

[ext_resource path="res://old/gameplay/property/status/Status.tscn" type="PackedScene" id=1]
[ext_resource path="res://asset/sprite/sprout.png" type="Texture" id=2]
[ext_resource path="res://old/gameplay/effect/MoveEffect.gd" type="Script" id=4]
[ext_resource path="res://old/gameplay/property/status/rooted/PreventMoveRule.gd" type="Script" id=5]

[sub_resource type="AtlasTexture" id=1]
atlas = ExtResource( 2 )
region = Rect2( 0, 0, 16, 16 )

[sub_resource type="AtlasTexture" id=2]
atlas = ExtResource( 2 )
region = Rect2( 16, 0, 16, 16 )

[sub_resource type="AtlasTexture" id=3]
atlas = ExtResource( 2 )
region = Rect2( 32, 0, 16, 16 )

[sub_resource type="AtlasTexture" id=4]
atlas = ExtResource( 2 )
region = Rect2( 48, 0, 16, 16 )

[sub_resource type="SpriteFrames" id=5]
animations = [ {
"frames": [ SubResource( 1 ), SubResource( 2 ), SubResource( 3 ), SubResource( 4 ) ],
"loop": true,
"name": "default",
"speed": 10.0
} ]

[node name="Rooted" instance=ExtResource( 1 )]
INFO = "rooted"

[node name="PreventsMove" type="Node" parent="." index="1"]
script = ExtResource( 5 )
EFFECT_TYPES = [ ExtResource( 4 ) ]
PROCESSES_EFFECT = true

[node name="AnimatedSprite" type="AnimatedSprite" parent="." index="2"]
modulate = Color( 0.203922, 0.788235, 0.137255, 1 )
frames = SubResource( 5 )
frame = 1
playing = true
centered = false

[connection signal="ready" from="AnimatedSprite" to="AnimatedSprite" method="play" flags=6 binds= [ "default" ]]
