[gd_scene load_steps=7 format=2]

[ext_resource path="res://asset/sprite/colored_transparent_packed.png" type="Texture" id=1]
[ext_resource path="res://old/ui/hud/time_tracker/ToggleSign.gd" type="Script" id=2]
[ext_resource path="res://old/ui/hud/time_tracker/TimeTracker.gd" type="Script" id=3]




[sub_resource type="AtlasTexture" id=1]
atlas = ExtResource( 1 )
region = Rect2( 592, 320, 16, 16 )

[sub_resource type="AtlasTexture" id=2]
atlas = ExtResource( 1 )
region = Rect2( 656, 192, 16, 16 )

[sub_resource type="AtlasTexture" id=3]
atlas = ExtResource( 1 )
region = Rect2( 576, 320, 16, 16 )

[node name="TimeTracker" type="HBoxContainer"]
margin_right = 256.0
margin_bottom = 32.0
rect_min_size = Vector2( 256, 0 )
custom_constants/separation = 0
alignment = 1
script = ExtResource( 3 )
__meta__ = {
"_edit_use_anchors_": false
}

[node name="Minus3" type="TextureRect" parent="."]
modulate = Color( 0.375, 0.375, 0.375, 0.5 )
margin_left = 16.0
margin_right = 48.0
margin_bottom = 32.0
rect_min_size = Vector2( 32, 32 )
texture = SubResource( 1 )
expand = true
script = ExtResource( 2 )
__meta__ = {
"_edit_use_anchors_": false
}

[node name="Minus2" type="TextureRect" parent="."]
modulate = Color( 0.375, 0.375, 0.375, 0.5 )
margin_left = 48.0
margin_right = 80.0
margin_bottom = 32.0
rect_min_size = Vector2( 32, 32 )
texture = SubResource( 1 )
expand = true
script = ExtResource( 2 )
__meta__ = {
"_edit_use_anchors_": false
}

[node name="Minus1" type="TextureRect" parent="."]
modulate = Color( 0.375, 0.375, 0.375, 0.5 )
margin_left = 80.0
margin_right = 112.0
margin_bottom = 32.0
rect_min_size = Vector2( 32, 32 )
texture = SubResource( 1 )
expand = true
script = ExtResource( 2 )
__meta__ = {
"_edit_use_anchors_": false
}

[node name="Hourglass" type="TextureRect" parent="."]
margin_left = 112.0
margin_right = 144.0
margin_bottom = 32.0
rect_min_size = Vector2( 32, 32 )
texture = SubResource( 2 )
expand = true

[node name="Plus1" type="TextureRect" parent="."]
modulate = Color( 0.375, 0.375, 0.375, 0.5 )
margin_left = 144.0
margin_right = 176.0
margin_bottom = 32.0
rect_min_size = Vector2( 32, 32 )
texture = SubResource( 3 )
expand = true
script = ExtResource( 2 )

[node name="Plus2" type="TextureRect" parent="."]
modulate = Color( 0.375, 0.375, 0.375, 0.5 )
margin_left = 176.0
margin_right = 208.0
margin_bottom = 32.0
rect_min_size = Vector2( 32, 32 )
texture = SubResource( 3 )
expand = true
script = ExtResource( 2 )

[node name="Plus3" type="TextureRect" parent="."]
modulate = Color( 0.375, 0.375, 0.375, 0.5 )
margin_left = 208.0
margin_right = 240.0
margin_bottom = 32.0
rect_min_size = Vector2( 32, 32 )
texture = SubResource( 3 )
expand = true
script = ExtResource( 2 )
