[gd_scene load_steps=12 format=2]

[ext_resource path="res://asset/sprite/flame-burst.png" type="Texture" id=1]
[ext_resource path="res://old/vfx/splash/SplashVFX.tscn" type="PackedScene" id=2]

[sub_resource type="AtlasTexture" id=1]
atlas = ExtResource( 1 )
region = Rect2( 0, 0, 16, 16 )

[sub_resource type="AtlasTexture" id=2]
atlas = ExtResource( 1 )
region = Rect2( 16, 0, 16, 16 )

[sub_resource type="AtlasTexture" id=3]
atlas = ExtResource( 1 )
region = Rect2( 32, 0, 16, 16 )

[sub_resource type="AtlasTexture" id=4]
atlas = ExtResource( 1 )
region = Rect2( 48, 0, 16, 16 )

[sub_resource type="AtlasTexture" id=5]
atlas = ExtResource( 1 )
region = Rect2( 64, 0, 16, 16 )

[sub_resource type="AtlasTexture" id=6]
atlas = ExtResource( 1 )
region = Rect2( 80, 0, 16, 16 )

[sub_resource type="AtlasTexture" id=7]
atlas = ExtResource( 1 )
region = Rect2( 96, 0, 16, 16 )

[sub_resource type="AtlasTexture" id=8]
atlas = ExtResource( 1 )
region = Rect2( 112, 0, 16, 16 )

[sub_resource type="SpriteFrames" id=9]
animations = [ {
"frames": [ SubResource( 1 ), SubResource( 2 ), SubResource( 3 ), SubResource( 4 ), SubResource( 5 ), SubResource( 6 ), SubResource( 7 ), SubResource( 8 ) ],
"loop": true,
"name": "default",
"speed": 10.0
} ]

[node name="FlameBurst" instance=ExtResource( 2 )]
modulate = Color( 0.921569, 0.486275, 0.0666667, 1 )
frames = SubResource( 9 )
