[gd_scene load_steps=10 format=2]

[ext_resource path="res://simulation/Simulation.gd" type="Script" id=1]
[ext_resource path="res://simulation/TurnSequence.gd" type="Script" id=2]
[ext_resource path="res://simulation/rule/global/SpawnEntities.gd" type="Script" id=3]
[ext_resource path="res://simulation/effect/trait/Spawn.gd" type="Script" id=4]
[ext_resource path="res://simulation/rule/global/AddEntitiesToTurnOrder.gd" type="Script" id=5]
[ext_resource path="res://simulation/effect/trait/Damage.gd" type="Script" id=6]
[ext_resource path="res://simulation/rule/global/DamageableEntitiesTakeDamage.gd" type="Script" id=7]
[ext_resource path="res://simulation/rule/global/MovableEntitiesMove.gd" type="Script" id=8]
[ext_resource path="res://simulation/effect/trait/Move.gd" type="Script" id=9]

[node name="Simulation" type="Node"]
script = ExtResource( 1 )

[node name="GlobalRules" type="Node" parent="."]

[node name="SpawnEntities" type="Node" parent="GlobalRules"]
script = ExtResource( 3 )
EFFECT_TRAITS = [ ExtResource( 4 ) ]
PROCESSES_EFFECT = true
APPLIES_EFFECT = true

[node name="AddEntitiesToTurnOrder" type="Node" parent="GlobalRules"]
script = ExtResource( 5 )
EFFECT_TRAITS = [ ExtResource( 4 ) ]
APPLIES_EFFECT = true

[node name="DamageableEntitiesTakeDamage" type="Node" parent="GlobalRules"]
script = ExtResource( 7 )
EFFECT_TRAITS = [ ExtResource( 6 ) ]
APPLIES_EFFECT = true

[node name="MovableEntitiesMove" type="Node" parent="GlobalRules"]
script = ExtResource( 8 )
EFFECT_TRAITS = [ ExtResource( 9 ) ]
PROCESSES_EFFECT = true
APPLIES_EFFECT = true

[node name="TurnOrder" type="Node" parent="."]
script = ExtResource( 2 )

[node name="ActiveEntities" type="Node" parent="."]
