[gd_scene load_steps=17 format=2]

[ext_resource path="res://simulation/property/body/Body.gd" type="Script" id=1]
[ext_resource path="res://asset/sprite/gimoi-spritesheet.png" type="Texture" id=2]
[ext_resource path="res://simulation/entity/Entity.tscn" type="PackedScene" id=3]
[ext_resource path="res://simulation/property/turn/Turn.gd" type="Script" id=4]
[ext_resource path="res://simulation/property/blocks/Blocks.gd" type="Script" id=5]
[ext_resource path="res://simulation/property/damageable/Damageable.gd" type="Script" id=6]
[ext_resource path="res://simulation/property/movable/Movable.gd" type="Script" id=7]
[ext_resource path="res://simulation/property/ally/Ally.gd" type="Script" id=8]
[ext_resource path="res://view/billboard/AnimatedBillboardSprite3D.tscn" type="PackedScene" id=9]
[ext_resource path="res://simulation/entity/player/PlayerActor.gd" type="Script" id=10]

[sub_resource type="AtlasTexture" id=1]
flags = 19
atlas = ExtResource( 2 )
region = Rect2( 0, 0, 32, 32 )

[sub_resource type="AtlasTexture" id=2]
flags = 19
atlas = ExtResource( 2 )
region = Rect2( 32, 0, 32, 32 )

[sub_resource type="AtlasTexture" id=3]
flags = 19
atlas = ExtResource( 2 )
region = Rect2( 64, 0, 32, 32 )

[sub_resource type="AtlasTexture" id=4]
flags = 19
atlas = ExtResource( 2 )
region = Rect2( 96, 0, 32, 32 )

[sub_resource type="AtlasTexture" id=5]
flags = 19
atlas = ExtResource( 2 )
region = Rect2( 128, 0, 32, 32 )

[sub_resource type="AtlasTexture" id=6]
flags = 19
atlas = ExtResource( 2 )
region = Rect2( 160, 0, 32, 32 )

[sub_resource type="SpriteFrames" id=7]
animations = [ {
"frames": [ SubResource( 1 ) ],
"loop": true,
"name": "default",
"speed": 5.0
}, {
"frames": [ SubResource( 2 ), SubResource( 3 ), SubResource( 4 ), SubResource( 5 ), SubResource( 6 ), SubResource( 1 ) ],
"loop": true,
"name": "moving",
"speed": 10.0
} ]

[node name="Player" instance=ExtResource( 3 )]

[node name="Body" type="Node" parent="." index="0"]
script = ExtResource( 1 )
sprite_scn = ExtResource( 9 )
view = SubResource( 7 )

[node name="Turn" type="Node" parent="." index="1"]
script = ExtResource( 4 )

[node name="Blocks" type="Node" parent="." index="2"]
script = ExtResource( 5 )

[node name="Damageable" type="Node" parent="." index="3"]
script = ExtResource( 6 )

[node name="Movable" type="Node" parent="." index="4"]
script = ExtResource( 7 )

[node name="Ally" type="Node" parent="." index="5"]
script = ExtResource( 8 )

[node name="Actor" type="Node" parent="." index="6"]
script = ExtResource( 10 )
