[gd_scene load_steps=11 format=2]

[ext_resource path="res://old/gameplay/entity/creature/Creature.tscn" type="PackedScene" id=1]
[ext_resource path="res://old/gameplay/property/ai/RandomWalk.tscn" type="PackedScene" id=2]
[ext_resource path="res://old/gameplay/entity/monster/pursuer/Pursuer.tscn" type="PackedScene" id=3]
[ext_resource path="res://old/gameplay/property/bumper/Bumper.tscn" type="PackedScene" id=4]
[ext_resource path="res://asset/sprite/experimental.png" type="Texture" id=5]
[ext_resource path="res://old/gameplay/entity/creature/hell-beast/Hop.tscn" type="PackedScene" id=6]
[ext_resource path="res://old/gameplay/property/lifeform/Living.tscn" type="PackedScene" id=7]
[ext_resource path="res://old/gameplay/property/lifeform/Organic.tscn" type="PackedScene" id=8]
[ext_resource path="res://old/gameplay/common/MovementProfile.gd" type="Script" id=9]

[sub_resource type="Resource" id=1]
resource_local_to_scene = true
resource_name = "MovementProfile"
script = ExtResource( 9 )
mask = 17
operation = 0

[node name="HellBeast" groups=[
"monster",
] instance=ExtResource( 1 )]
self_modulate = Color( 0.87451, 0.317647, 0.121569, 1 )
texture = ExtResource( 5 )
region_enabled = true
region_rect = Rect2( 16, 0, 16, 16 )
entity_name = "Hell Beast"
movement_profile = SubResource( 1 )

[node name="Destructible" parent="." index="2"]
max_hp = 2

[node name="Living" parent="." index="3" instance=ExtResource( 7 )]

[node name="Organic" parent="." index="4" instance=ExtResource( 8 )]

[node name="Bumper" parent="." index="5" instance=ExtResource( 4 )]
INFO = "bite (IMPACT 1)"

[node name="Pursuer" parent="." index="6" instance=ExtResource( 3 )]
INFO = "hopper"

[node name="Hop" parent="Pursuer" index="0" instance=ExtResource( 6 )]

[node name="RandomWalk" parent="." index="7" instance=ExtResource( 2 )]

[node name="Hop" parent="RandomWalk" index="0" instance=ExtResource( 6 )]
