[gd_scene load_steps=18 format=2]

[ext_resource path="res://old/gameplay/common/MovementProfile.gd" type="Script" id=1]
[ext_resource path="res://old/gameplay/entity/creature/Creature.tscn" type="PackedScene" id=2]
[ext_resource path="res://asset/sprite/colored_transparent_packed.png" type="Texture" id=3]
[ext_resource path="res://old/gameplay/ability/Walk.tscn" type="PackedScene" id=4]
[ext_resource path="res://old/gameplay/property/lifeform/Living.tscn" type="PackedScene" id=5]
[ext_resource path="res://old/gameplay/property/lifeform/Organic.tscn" type="PackedScene" id=6]
[ext_resource path="res://old/gameplay/property/ai/RandomWalk.tscn" type="PackedScene" id=7]
[ext_resource path="res://old/gameplay/property/ai/striker/Striker.tscn" type="PackedScene" id=8]
[ext_resource path="res://old/gameplay/ability/Ability.tscn" type="PackedScene" id=9]
[ext_resource path="res://old/gameplay/command/SelectTile.gd" type="Script" id=10]
[ext_resource path="res://old/gameplay/command/NewEffect.gd" type="Script" id=11]
[ext_resource path="res://old/gameplay/command/OnEnvironment.gd" type="Script" id=12]
[ext_resource path="res://old/gameplay/entity/creature/winged-eater/WingedEater.tscn" type="PackedScene" id=13]
[ext_resource path="res://old/gameplay/property/controller/Controller.tscn" type="PackedScene" id=14]

[sub_resource type="AtlasTexture" id=1]
atlas = ExtResource( 3 )
region = Rect2( 400, 96, 16, 16 )

[sub_resource type="Resource" id=2]
resource_local_to_scene = true
script = ExtResource( 1 )
mask = 17
operation = 0

[sub_resource type="Resource" id=3]
resource_name = "MovementProfile"
script = ExtResource( 1 )
mask = 7
operation = 0

[node name="Summoner" instance=ExtResource( 2 )]
self_modulate = Color( 0.780392, 0.0627451, 0.329412, 1 )
texture = SubResource( 1 )
entity_name = "Summoner"
movement_profile = SubResource( 2 )

[node name="Destructible" parent="." index="2"]
max_hp = 4

[node name="Controller" parent="." index="4" instance=ExtResource( 14 )]

[node name="Living" parent="." index="5" instance=ExtResource( 5 )]

[node name="Organic" parent="." index="6" instance=ExtResource( 6 )]

[node name="Striker" parent="." index="7" instance=ExtResource( 8 )]
INFO = "summon (winged eater)"
cooldown = 3

[node name="Ability" parent="Striker" index="1" instance=ExtResource( 9 )]
is_action = true

[node name="SelectTile" type="Node" parent="Striker/Ability" index="0"]
script = ExtResource( 10 )
RANGE = 6
movement_profile = SubResource( 3 )

[node name="OnEnvironment" type="Node" parent="Striker/Ability" index="1"]
script = ExtResource( 12 )

[node name="Summon" type="Node" parent="Striker/Ability/OnEnvironment" index="0"]
script = ExtResource( 11 )
effect_type = "SpawnEffect"
tile = 0
direction = 0
scene = ExtResource( 13 )
node_path = 2
trait/controlled = true
trait/auto_spill = true

[node name="RandomWalk" parent="." index="8" instance=ExtResource( 7 )]

[node name="Walk" parent="RandomWalk" index="0" instance=ExtResource( 4 )]
